<record xmlns="http://www.loc.gov/MARC21/slim" xmlns:xsi="http://www.w3.org/2001/XMLSchema-instance" xsi:schemaLocation="http://www.loc.gov/MARC21/slim http://www.loc.gov/standards/marcxml/schema/MARC21slim.xsd"><leader>00037nz   2200037n  4500</leader><controlfield tag="001">DNB|118792008</controlfield><controlfield tag="003">DNB</controlfield><controlfield tag="005">20080406013619.0</controlfield><controlfield tag="008">880701n||azznnabbn           | aaa    |c</controlfield><datafield ind1=" " ind2=" " tag="035"><subfield code="a">(DE-101)118792008</subfield></datafield><datafield ind1=" " ind2=" " tag="035"><subfield code="a">(DE-588a)118792008</subfield></datafield><datafield ind1=" " ind2=" " tag="035"><subfield code="z">(DE-588a)102403287</subfield></datafield><datafield ind1=" " ind2=" " tag="035"><subfield code="a">(DE-588c)4111951-4</subfield></datafield><datafield ind1=" " ind2=" " tag="040"><subfield code="a">DE-101</subfield><subfield code="b">ger</subfield><subfield code="c">DE-101</subfield><subfield code="e">rakwb</subfield><subfield code="d">9999</subfield></datafield><datafield ind1=" " ind2=" " tag="043"><subfield code="c">XS</subfield></datafield><datafield ind1=" " ind2="7" tag="049"><subfield code="2">iso639-2</subfield><subfield code="a">grc</subfield></datafield><datafield ind1=" " ind2=" " tag="065"><subfield code="2">sswd</subfield><subfield code="a">12.2p</subfield></datafield><datafield ind1=" " ind2=" " tag="079"><subfield code="a">p</subfield><subfield code="q">s</subfield><subfield code="q">f</subfield><subfield code="q">p</subfield><subfield code="t">12-PAN</subfield></datafield><datafield ind1="0" ind2=" " tag="100"><subfield code="a">Phoenix</subfield><subfield code="c">Colophonius</subfield><subfield code="d">fl.3. Jh. v. Chr.</subfield></datafield><datafield ind1="0" ind2=" " tag="400"><subfield code="w">i</subfield><subfield code="i">rakoeb</subfield><subfield code="a">Phoenix</subfield><subfield code="c">von Kolophon</subfield><subfield code="d">fl.3. Jh. v. Chr.</subfield></datafield><datafield ind1="0" ind2=" " tag="400"><subfield code="a">Phönix</subfield><subfield code="c">von Kolophon</subfield><subfield code="d">fl.3. Jh. v. Chr.</subfield></datafield><datafield ind1="0" ind2=" " tag="400"><subfield code="a">Phoinix</subfield><subfield code="c">von Kolophon</subfield><subfield code="d">fl.3. Jh. v. Chr.</subfield></datafield><datafield ind1="0" ind2=" " tag="400"><subfield code="a">Phoenix</subfield><subfield code="c">Iambicus</subfield><subfield code="d">fl.3. Jh. v. Chr.</subfield></datafield><datafield ind1="0" ind2=" " tag="400"><subfield code="a">Phoenix</subfield><subfield code="c">Iambographus</subfield><subfield code="d">fl.3. Jh. v. Chr.</subfield></datafield><datafield ind1="0" ind2=" " tag="400"><subfield code="a">Phoinix</subfield><subfield code="c">Iambograph</subfield><subfield code="d">fl.3. Jh. v. Chr.</subfield></datafield><datafield ind1="0" ind2=" " tag="400"><subfield code="a">Phoenix</subfield><subfield code="c">of Colophon</subfield><subfield code="d">fl.3. Jh. v. Chr.</subfield></datafield><datafield ind1="0" ind2=" " tag="400"><subfield code="a">Fenice</subfield><subfield code="c">di Colofone</subfield><subfield code="d">fl.3. Jh. v. Chr.</subfield></datafield><datafield ind1=" " ind2=" " tag="549"><subfield code="w">i</subfield><subfield code="i">Zeit</subfield><subfield code="a">3. Jh. v. Chr.</subfield></datafield><datafield ind1=" " ind2=" " tag="549"><subfield code="w">i</subfield><subfield code="i">UDK-Zeitcode</subfield><subfield code="a">v02</subfield></datafield><datafield ind1=" " ind2=" " tag="667"><subfield code="a">TITAN</subfield></datafield><datafield ind1=" " ind2=" " tag="670"><subfield code="a">PAN</subfield></datafield><datafield ind1=" " ind2=" " tag="678"><subfield code="a">Griech. Dichter</subfield></datafield><datafield ind1=" " ind2=" " tag="922"><subfield code="a">gr</subfield><subfield code="9">1</subfield></datafield><datafield ind1=" " ind2=" " tag="945"><subfield code="a">15</subfield><subfield code="9">1</subfield></datafield><datafield ind1=" " ind2=" " tag="996"><subfield code="2">NLIlat|000105478</subfield></datafield><datafield ind1=" " ind2=" " tag="996"><subfield code="2">BAV|ADV10094318</subfield></datafield><datafield ind1=" " ind2=" " tag="996"><subfield code="2">BNF|15084331</subfield></datafield><datafield ind1=" " ind2=" " tag="996"><subfield code="2">BAV|ADV11047047</subfield></datafield><datafield ind1=" " ind2=" " tag="996"><subfield code="2">NLIlat|000105481</subfield></datafield><datafield ind1=" " ind2=" " tag="996"><subfield code="2">SELIBR|308430</subfield></datafield><datafield ind1=" " ind2=" " tag="997"><subfield code="a">-200 0 flourished 0 0</subfield><subfield code="9">1</subfield></datafield></record>